
% bibliografia de las funciones de activacion => https://arxiv.org/pdf/1811.03378.pdf
========================================
@article{Reference20,
	Author = {Dang-Nhac, L. and Duc-Nhan, N. and Thi-Hau, N. and Ha-Nam, N.},
	Journal = {Sensors},
	Month = {4},
	Pages = {1036},
	Title = {Vehicle mode and driving activity detection based on analyzing sensor data of smartphones},
	Volume = {18(4)},
	Url = "https://www.ncbi.nlm.nih.gov/pmc/articles/PMC5948751/",
	Year = {2018}}
	
@article{Reference21,
	Author = {Ferreira, J. and Carvalho, E. and Ferreira, B. and De Souza, C. and Suhara, Y. and Pentland, A. and Pessin, G.},
	Journal = {PLoS One},
	Pages = {e0174959},
	Title = {Driver behavior profiling: An investigation with different smartphone sensors and machine learning},
	Volume = {12(4)},
	Url = "https://www.ncbi.nlm.nih.gov/pmc/articles/PMC5386255/",
	Year = {2017}}

@article{Reference22,
	Author = {Who-Lee, K. and Sik-Yoon, H. and Min-Song, J. and Ryoung-Park, K.},
	Journal = {Sensors},
	Month = {4},
	Pages = {957},
	Title = {Convolutional Neural Network-Based Classification of Driver’s Emotion during Aggressive and Smooth Driving Using Multi-Modal Camera Sensor},
	Volume = {18(4)},
	Url = "https://www.ncbi.nlm.nih.gov/pmc/articles/PMC5948584/",
	Year = {2018}}

@article{Reference23,
	Author = {Johnson, D. and Trivedi, M.},
	Journal = {14th International IEEE Conference en Intelligent Transportation Systems (ITSC)},
	Month = {10},
	Pages = {1609–-1615},
	Title = {Driving Style Recognition Using a Smartphone as a Sensor Platform},
	Url = "http://cvrr.ucsd.edu/publications/2011/Johnson_ITSC2011.pdf",
	Year = {2011}}
	

@article{Reference24,
	Author = {Kridalukmana, R. and Yan-Lu, H. and Naderpour, M.},
	Journal = {12th International IEEE Conference},
	Title = {An Object Oriented Bayesian Network Approach for Unsafe Driving Maneuvers Prevention System},
	Url = "https://opus.lib.uts.edu.au/bitstream/10453/122196/4/633634.pdf",
	Year = {2017}}

@article{Reference25,
	Author = {Bhoyar, V. and Lata, P. and Katkar, J. and Patil, A. and Javale, D.},
	Journal = {International Journal of Emerging Trends \& Technology in Computer Science (IJETTCS)},
	Month = {3--4},
	Pages = {124-–126},
	Title = {Symbian Based Rash Driving Detection System},
	Volume = {2},
	Url = "https://www.ijettcs.org/Volume2Issue2/IJETTCS-2013-03-28-046.pdf",
	Year = {2013}}
	
@article{Reference26,
	Author = {Chen, Z. and Yu, J. and Zhu, Y. and Chen, Y. and Li, M.},
	Journal = {Proceedings of the 12th Annual IEEE International Conference on Sensing, Communication, and Networking (SECON); Seattle, WA, USA.},
	Month = {6},
	Pages = {20--25},
	Title = {D3: Abnormal Driving Behaviors Detection and Identification Using Smartphone Sensors},
	Url = "http://www.winlab.rutgers.edu/~yychen/papers/D3-Abnormal%20Driving%20Behaviors%20Detection%20and%20Identification%20Using%20Smartphone%20Sensors.pdf",
	Year = {2015}}
	
@article{Reference27,
	Author = {Eren, H. and Makinist, S. and Akin, E. and Yilmaz, A.},
	Journal = {Proceedings of the Intelligent Vehicles Symposium. Alcal\'{a} de Henares, Espa\~{n}a.},
	Month = {6},
	Number = {3--7},
	Pages = {234–-239},
	Title = {Estimating Driving Behavior by a Smartphone},
	Year = {2012}}

@article{Reference28,
	Author = {Boonmee, S. and Tangamchit, P.},
	Journal = {Proceedings of the 6th IEEE International Conference on Electrical Engineering/Electronics, Computer, Telecommunications and Information Technology; Pattaya, Chonburi, Tailandia.},
	Month = {5},
	Number = {6--9},
	Pages = {412-–415},
	Title = {Portable Reckless Driving Detection System},
	Url = "https://ieeexplore.ieee.org/abstract/document/5137037",
	Year = {2009}}

@article{Reference29,
	Author = {Koh, D. W. and Kang, H.B.},
	Journal = {Proceedings of the IEEE Intelligent Vehicles Symposium; Seoul, Korea.},
	Month = {7},
	Number = {1},
	Pages = {12--17},
	Title = {Smartphone-Based Modeling and Detection of Aggressiveness Reactions in Senior Drivers},
	Url = "https://ieeexplore.ieee.org/abstract/document/7225655",
	Year = {2015}}

@article{Reference30,
	Author = {Zaldivar, J. and Calafate, C.T. and Cano, J.C. and Manzoni, P.},
	Journal = {Proceedings of the 2011 IEEE 36th Conference on Local Computer Networks; Bonn, Alemania.},
	Month = {10},
	Number = {4--7},
	Pages = {813-–819},
	Title = {Providing accident detection in vehicular networks through OBD-II devices and Android-based smartphones},
	Year = {2011}}
	
@article{Reference31,
	Author = {Araujo, R. and Igreja, A. and De Castro R. and Araujo, R.},
	Journal = {Proceedings of the 2012 IEEE Intelligent Vehicles Symposium (IV); Alcala de Henares, Espa\~{n}a.},
	Month = {6},
	Number = {3--7},
	Pages = {1005-–1010},
	Title = {Driving coach: A smartphone application to evaluate driving efficient patterns},
	Url = "https://www.researchgate.net/publication/261309792_Driving_coach_A_smartphone_application_to_evaluate_driving_efficient_patterns",
	Year = {2012}}
	
@BOOK{Reference32,
    AUTHOR={Shai, S. and Shai, B.},
    TITLE={Understanding Machine Learning: From Theory to Algorithms},
    PUBLISHER={Cambridge University Press},
    YEAR={2014},
    Url="https://www.cs.huji.ac.il/~shais/UnderstandingMachineLearning/understanding-machine-learning-theory-algorithms.pdf"
}

@article{Reference33,
	Author = {Xue, Z. and Shang, Y. and Feng, A.},
	Journal = {Mathematics and Computers in Simulation},
	Month = {5},
	Pages = {1911-–1921},
	Title = {Semi-supervised outlier detection based on fuzzy rough C-means clustering},
	Volume = {80(9)},
	Url = "https://www.researchgate.net/publication/220348246_Semi-supervised_outlier_detection_based_on_fuzzy_rough_C-means_clustering",
	Year = {2010}}

@article{Reference34,
	Author = {Rumelhart, D. E. and Hinton, G. E. and Williams, R. J.},
	Journal = {Nature},
	Pages = {533-–536},
	Title = {Learning representations by backpropagating errors.},
	Volume = {323(6088)},
	Url = "https://psycnet.apa.org/record/1987-33645-001",
	Year = {1986}}
	
@article{Reference35,
	Author = {Elman, J.},
	Journal = { Cognitive Science},
	Pages = {179--211},
	Title = {Finding structure in time},
	Volume = {14(2)},
	Url = "https://crl.ucsd.edu/~elman/Papers/fsit.pdf",
	Year = {1990}}
	
@article{Reference36,
	Author = {Werbos, P. J.},
	Journal = {Neural Networks},
	Pages = {339–-356},
	Title = {Generalization of backpropagation with application to a recurrent gas market model},
	Volume = {1(4)},
	Url = "https://www.sciencedirect.com/science/article/abs/pii/089360808890007X",
	Year = {1988}}

@BOOK{Reference37,
	Author = {Pyle, D.},
	Title = {Data preparation for data mining},
    PUBLISHER={Morgan Kaufmann Publishers, Inc},
    YEAR={1999},
    Url="https://pdfs.semanticscholar.org/470a/828d5e3962f2917a0092cc6ba46ccfe41a2a.pdf",
    Pages={90}
}

@article{Reference38,
	Author = {Suad, A. and Wesam, S.},
	Journal = {Review of Scientific Instruments},
	Pages = { 4102--4107},
	Title = {Review of Data Preprocessing Techniques in Data Mining},
	Volume = {12(16)},
	Url = "http://docsdrive.com/pdfs/medwelljournals/jeasci/2017/4102-4107.pdf",
	Year = {2017}}
	
@BOOK{Reference39,
	Author = {Bishop, M. C.},
	Title = {Pattern recognition and Machine Learning},
    PUBLISHER={Springer Science+Business Media, LLC},
    YEAR={2006},
    Pages={561}
}

@BOOK{Reference40,
	Author = {Bellman, R. E.},
	Title = {Dynamic programming},
    PUBLISHER={Courier Dover Publications ISBN},
    YEAR={2003}
}

@MISC{Reference41,
	HOWPUBLISHED = "https://cs230-stanford.github.io/train-dev-test-split.html",
	AUTHOR = {Moindrot, O. and Genthial, G.},
	TITLE = {Splitting into train, dev and test sets},
	MONTH = {1},
	YEAR = {2018},
	NOTE = {\'{U}ltimo acceso en 16 de octubre de 2019}
}

@article{Reference42,
	Author = {Hsu, A. and Griffiths, T.},
	Title = {Effects of generative and discriminative learning on use of category variability},
	Url = "https://cocosci.princeton.edu/tom/papers/discgencat.pdf",
	Year = {2010}}

@article{Reference43,
	Author = {Dauphin, Y. N. and Fan, A. and Auli, M. and Grangiera, D.},
	Journal = {arXiv},
	Keywords = {Diode Laser},
	Month = {9},
	Number = {8},
	Title = {Language Modeling with Gated Convolutional Networks},
	Volume = {1612.08083v3},
	Url = "https://arxiv.org/pdf/1612.08083.pdf",
	Year = {2017}}
	
@article{Reference44,
	Author = {Mass, A. and Hannun, A. and Ng, A.},
	Journal = {International Conference on Machine Learning (icml)},
	Title = {Rectifier Nonlinearities Improve Neural Network Acoustic Models},
	Url = "https://ai.stanford.edu/~amaas/papers/relu_hybrid_icml2013_final.pdf",
	Year = {2013}}
	
@article{Reference45,
	Author = {Zeiler, M. D. and Ranzato, M. and Monga, R. and Mao, M. and Yang, K. and Le, Q. V. and Hinton, G. E.},
	Journal = {International Conference on Acoustics, Speech and Signal Processing. IEEE},
	Pages = {3517–-3521},
	Title = {On rectified linear units for speech processing},
	Url = "https://static.googleusercontent.com/media/research.google.com/es//pubs/archive/40811.pdf",
	Year = {2013}}
	
@article{Reference46,
	Author = {Lecun, Y. and Bengio, Y. and Hinton, G.},
	Journal = {Nature},
	Month = {5},
	Number = {27},
	Pages = {436–-444},
	Title = {Deep learning},
	Volume = {521(7553)},
	Url = "https://doi.org/10.1038/nature14539",
	Year = {2015}
	}	

@article{Reference47,
	Author = {Guo, Y. and Liao, W. and Wang, Q. and Yu, L. and Ji, T. and Li, P.},
	Journal = {Proceedings of Machine Learning Research},
	pages = {97--112},
	Volume = {95},
	Title = {Multidimensional Time Series Anomaly Detection: A GRU-based Gaussian Mixture Variational Autoencoder Approach},
	Url = "http://proceedings.mlr.press/v95/guo18a/guo18a.pdf",
	Year = {2018}}
	
@article{Reference48,
	Author = {Lecun, Y. and Jackel, L. and Boser, B. and Denker, J. and Graf, H. and Guyon, I. and Henderson, D. and Howard, R. and Hubbard, W.},
	Journal = {Proceedings of the IEEE},
	Pages = {2278-–2324},
	Volume = {86(11)},
	Title = {Handwritten digit recognition : Applications of neural networks chips and automatic learning},
	Url = "http://yann.lecun.com/exdb/publis/pdf/lecun-89c.pdf",
	Year = {1998}}
	
@article{Reference49,
	Author = {Russakovsky, O. et al.},
	Journal = {International Journal of Computer Vision},
	Title = {ImageNet Large Scale Visual Recognition Challenge},
	Url = "http://link.springer.com/article/10.1007/s11263-015-0816-y#",
	Year = {2014}}
	
@article{Reference50,
	Author = {Bengio, Y. and Simard, P. and Frasconi, P.},
	Journal = {IEEE Trans. Neural Netw},
	Title = {Learning long-term dependencies with gradient descent is difficult},
	Url = "https://ieeexplore.ieee.org/document/279181/authors#authors",
	Volume = {5},
	Pages = {157--166},
	Year = {1994}}
	

@article{Reference51,
	Author = {Pascanu, R. and Mikolov, T. and Bengio, Y.},
	Journal = {In Proceedings of the International Conference on Machine Learning; Atlanta, GA, USA},
	Month = {6},
	Number = {16--21},
	Pages = {1310-–1318},
	Title = {On the difficulty of training recurrent neural networks},
	Url = "http://proceedings.mlr.press/v28/pascanu13.pdf",
	Year = {2013}}
	
@article{Reference52,
	Author = {Hochreiter, S. and Schmidhuber, J. },
	Journal = {Neural Comput},
	Month = {11},
	Number = {15},
	Pages = {1735–-1780},
	Title = {Long short-term memory},
	Volume = {9(8)},
	Url = "https://www.mitpressjournals.org/doi/abs/10.1162/neco.1997.9.8.1735",
	Year = {1997}}
	
@MISC{Reference53,
	HOWPUBLISHED = "http://colah.github.io/posts/2015-08-Understanding-LSTMs/",
	AUTHOR = {Olah, C.},
	TITLE = {Understanding LSTM Networks},
	NOTE = {\'{U}ltimo acceso en 11 de octubre de 2019}
}

@MISC{Reference54,
	HOWPUBLISHED = "https://medium.com/mlreview/understanding-lstm-and-its-diagrams-37e2f46f1714",
	AUTHOR = {Yan, S.},
	TITLE = {Understanding LSTM and Its Diagrams},
	NOTE = {\'{U}ltimo acceso en 11 de octubre de 2019}
}

@article{Reference55,
	Author = {Cho, K. and Merri\"{e}nboer, B. V. and Gulcehre, C. and Bahdanau, D. and Bougares, F. and Schwenk, H. and Bengio, Y.},
	Journal = {arXiv},
	Title = {Learning phrase representations using rnn encoder-decoder for statistical machine translation},
	Volume = {1406.1078},
	Url = "https://www.aclweb.org/anthology/D14-1179.pdf",
	Year = {2014a}}
	
@MISC{Reference56,
	HOWPUBLISHED = "https://en.d2l.ai/d2l-en.pdf",
	AUTHOR = {Zhang, A. and Lipton, Z. and Li, M. and Smola, A.},
	TITLE = {Dive into Deep Learning},
	Year = {2019},
	Month = {9},
	NOTE = {\'{U}ltimo acceso en 11 de octubre de 2019}
}

@article{Reference57,
	Author = {Hawkins, S. and He, H. and Williams, G. and Baxter, R.},
	Journal = {International Conference on Data Warehousing and Knowledge Discovery},
	Month = {9},
	Pages = {170-–180},
	Title = {Outlier Detection Using Replicator Neural Networks},
	Url = "https://togaware.com/papers/dawak02.pdf",
	Year = {2002}}
	
@article{Reference58,
	Author = {Williams, G. and Baxter, R.},
	Journal = {IEEE International Conference on Data Mining},
	Month = {12},
	Pages = {1--16},
	Title = {A comparative study of RNN for outlier detection in data mining},
	Url = {https://togaware.com/papers/tr02102.pdf},
	Year = {2002}}
	
@BOOK{Reference59,
	Author = {Sch\"{o}lkopf, B. and Smola, A. J.},
	Title = {Support vector machines, regularization, optimization, and beyond},
    PUBLISHER={MIT Press},
    YEAR={2002},
    Pages={656-657}
}

@MISC{Reference60,
	HOWPUBLISHED = "http://www.diva-portal.org/smash/get/diva2:1225367/FULLTEXT01.pdf",
	AUTHOR = {Wolpher, M.},
	TITLE = {Anomaly Detection in Unstructured Time Series Data using an LSTM Autoencoder},
	NOTE = {\'{U}ltimo acceso en 11 de octubre de 2019}
}

@article{Reference61,
	Author = {Smits, P. and Dellepiane, S. and Schowengerdt, R.},
	Journal = {International journal of remote sensing 20},
	Pages = {1461–-1486},
	Title = {Quality assessment of image classification algorithms for land-cover mapping: a review and a proposal for a cost-based approach},
	Volume = {8},
	Year = {1999}}
	
@MISC{Reference62,
	HOWPUBLISHED = {https://medium.com/datadriveninvestor/accuracy-trap-pay-attention-to-recall-precision-f-score-auc-d02f28d3299c},
	AUTHOR = {\"{O}zler, H.},
	TITLE = {Accuracy Trap! Pay Attention to Recall, Precision, F-Score, AUC},
	NOTE = {\'{U}ltimo acceso en 16 de octubre de 2019}}

@article{Reference63,
	Author = {Zenon, W.},
	Journal = {Computer Assisted Mechanics and Engineering Sciences},
	Pages = {131--146},
	Volume = {18},
	Title = {Artificial neural networks in civil engineering: another five years of research in Poland},
	Url = "http://cames.ippt.gov.pl/index.php/cames/article/view/110",
	Year = {2011}}
	

@article{Reference64,
	Author = {Klos, M. and Waszczyszyn, Z.},
	Journal = {Computers \& Structures},
	Pages = {581--589},
	Volume = {89},
	Title = {Modal analysis and modified cascade neural networks in identification of geometrical parameters of circular arches},
	Url = "http://cames.ippt.gov.pl/index.php/cames/article/view/110",
	Year = {2011}}

@MISC{Reference65,
	HOWPUBLISHED = {\url{https://www.who.int/violence_injury_prevention/road_safety_status/2015/Summary_GSRRS2015_SPA.pdf?ua=1}},
	AUTHOR = {OMS},
	TITLE = {Informe de la situaci\'{o}n mundial de la seguridad vial 2015},
	NOTE = {\'{U}ltimo acceso en 19 de diciembre de 2019}}

@BOOK{Reference66,
	Author = {Varun, C. and Arindam, B.and Vipin, K.},
	Title = {Anomaly Detection: A Survey},
    PUBLISHER={Universidad de Minnesota},
    YEAR={2009},
    Url={https://www.researchgate.net/publication/220565847_Anomaly_Detection_A_Survey}
}

@MISC{Reference67,
	HOWPUBLISHED = {\url{https://simple.wikipedia.org/wiki/Neuron}},
	AUTHOR = {Wikipedia},
	TITLE = {Neuron},
	NOTE = {\'{U}ltimo acceso en 19 de diciembre de 2019}}
	
@MISC{Reference68,
	HOWPUBLISHED = {\url{https://medium.com/@jayeshbahire/the-artificial-neural-networks-handbook-part-4-d2087d1f583e}},
	AUTHOR = {Jayesh, B.},
	TITLE = {The Artificial Neural Networks Handbook: Part 4},
	NOTE = {\'{U}ltimo acceso en 19 de diciembre de 2019}}
	
@article{Reference69,
author = {Jing, Y. and Guanci, Y.},
year = {2018},
month = {03},
pages = {28},
title = {Modified Convolutional Neural Network Based on Dropout and the Stochastic Gradient Descent Optimizer},
volume = {11},
journal = {Algorithms}
}

@BOOK{Reference70,
	Author = {Michael, A.},
	Title = {Neural Networks and Deep Learning},
    PUBLISHER={Determination Press},
    YEAR={2015},
    Url={http://neuralnetworksanddeeplearning.com/index.html}
}

@MISC{Reference71,
	HOWPUBLISHED = {\url{https://engmrk.com/convolutional-neural-network-3/}},
	AUTHOR = {Muhammad, R.},
	TITLE = {Convolutional Neural Network. In a Nut Shell},
	NOTE = {\'{U}ltimo acceso en 19 de diciembre de 2019}}
	
@article{Reference72,
author = {Alashwal, H. and Bin D., Safaai and Othman, R.},
year = {2006},
month = {01},
pages = {},
title = {One-Class Support Vector Machines for Protein Protein Interactions Prediction},
volume = {1},
journal = {Int J Biomed Sci}
}

@MISC{Reference73,
	HOWPUBLISHED = {\url{https://scikit-learn.org/stable/modules/outlier_detection.html}},
	AUTHOR = {ScikitLearn},
	TITLE = {Novelty and Outlier Detection},
	NOTE = {\'{U}ltimo acceso en 19 de diciembre de 2019}}
	
@MISC{Reference74,
	HOWPUBLISHED = {\url{https://towardsdatascience.com/understanding-the-68-95-99-7-rule-for-a-normal-distribution-b7b7cbf760c2}},
	AUTHOR = {Galarnyk, M.},
	TITLE = {Explaining the 68\-95\-99.7 rule for a Normal Distribution},
	NOTE = {\'{U}ltimo acceso en 19 de diciembre de 2019}}